<?xml version="1.0" encoding="UTF-8"?><record xmlns="http://www.loc.gov/MARC21/slim" xmlns:cinclude="http://apache.org/cocoon/include/1.0" xmlns:zs="http://www.loc.gov/zing/srw/">
  <leader>01271cz  a2200241n  4500</leader>
  <controlfield tag="001">no2011067055</controlfield>
  <controlfield tag="003">DLC</controlfield>
  <controlfield tag="005">20130523075625.0</controlfield>
  <controlfield tag="008">110428n| azaaaaaan          |a aaa     c</controlfield>
  <datafield tag="010" ind1=" " ind2=" ">
    <subfield code="a">no2011067055</subfield>
  </datafield>
  <datafield tag="035" ind1=" " ind2=" ">
    <subfield code="a">(OCoLC)oca08841823</subfield>
  </datafield>
  <datafield tag="040" ind1=" " ind2=" ">
    <subfield code="a">IlMpPL</subfield>
    <subfield code="b">eng</subfield>
    <subfield code="e">rda</subfield>
    <subfield code="c">IlMpPL</subfield>
    <subfield code="d">IOrQBI</subfield>
    <subfield code="d">IAhCCS</subfield>
    <subfield code="d">DLC</subfield>
  </datafield>
  <datafield tag="100" ind1="1" ind2=" ">
    <subfield code="a">Harrison, Lisi.</subfield>
    <subfield code="t">Monster High (New York, N.Y. : 2010-2012)</subfield>
  </datafield>
  <datafield tag="430" ind1=" " ind2="0">
    <subfield code="a">Monster High (New York, N.Y. : 2010-2012)</subfield>
  </datafield>
  <datafield tag="500" ind1="1" ind2=" ">
    <subfield code="a">Daneshvari, Gitty.</subfield>
    <subfield code="t">Monster High (New York, N.Y. : 2012- )</subfield>
  </datafield>
  <datafield tag="642" ind1=" " ind2=" ">
    <subfield code="a">bk. 1</subfield>
    <subfield code="5">DPCC</subfield>
    <subfield code="5">IlMpPL</subfield>
  </datafield>
  <datafield tag="643" ind1=" " ind2=" ">
    <subfield code="a">New York</subfield>
    <subfield code="b">Little, Brown</subfield>
  </datafield>
  <datafield tag="644" ind1=" " ind2=" ">
    <subfield code="a">f</subfield>
    <subfield code="5">IlMpPL</subfield>
  </datafield>
  <datafield tag="645" ind1=" " ind2=" ">
    <subfield code="a">t</subfield>
    <subfield code="5">DPCC</subfield>
    <subfield code="5">IlMpPL</subfield>
  </datafield>
  <datafield tag="646" ind1=" " ind2=" ">
    <subfield code="a">s</subfield>
    <subfield code="5">IlMpPL</subfield>
  </datafield>
  <datafield tag="670" ind1=" " ind2=" ">
    <subfield code="a">The ghoul next door, 2011:</subfield>
    <subfield code="b">t.p. (Monster High)</subfield>
  </datafield>
  <datafield tag="670" ind1=" " ind2=" ">
    <subfield code="a">http://monsterhigh.wikia.com, May 10, 2013</subfield>
    <subfield code="b">(Written by Lisi Harrison, the Monster High book series is the first of the two book series attached to Monster High. The series was announced on June 3, 2010 and said to become a series of six books.  On April 13, 2012, with the fourth book being readied for release, a suspicion from Toy Fair 2012 that the fourth book would be the last of the series was confirmed on Harrison's website.)</subfield>
  </datafield>
  <datafield tag="675" ind1=" " ind2=" ">
    <subfield code="a">Daneshvari, Gitty. Ghoulfriends forever, 2012:  t.p. (Monster High) spine (Monster High; book 1)</subfield>
  </datafield>
</record>